@book{thrun2005probabilistic,
  title={Probabilistic Robotics},
  author={Thrun, Sebastian and Burgard, Wolfram and Fox, Dieter},
  year={2005},
  publisher={MIT press}
}

@misc{Xmisc,
    author    = {Pavone, Marco},
    title     = {AA 274 Principles of Robotic AutonomyLocalization II: parametric and non-parametric filters},
    howpublished = {Online},
    year     = {2018},
    month    = {February},
    note     = {Presentation},
}